
@article{ Gasteiger1991,
	Author = {Gasteiger, J. and Hendricks, B. M. P. and Hoever P. and Jochum C. and Somberg H.},
	Title = {{JCAMP-CS: A Standard Exchange Format for Chemical Structure Information in a Computer-Readible Form}},
	Journal = {{Applied Spectroscopy}},
	Year = {1991},
	Volume = {45},
	Number = {1},
	Pages = {4-11}
}

@article{ Woollett2012,
Author = {Woollett, Benjamin and Klose, Daniel and Cammack, Richard and Janes,
   Robert W. and Wallace, B. A.},
Title = {{JCAMP-DX for circular dichroism spectra and metadata (IUPAC
   Recommendations 2012)}},
Journal = {{Pure and Applied Chemistry}},
Year = {{2012}},
Volume = {{84}},
Number = {{10}},
Pages = {{2171-2182}},
DOI = {{10.1351/PAC-REC-12-02-03}},
ISSN = {{0033-4545}}
}

@article{ Cammack2006,
Author = {Cammack, R and Fann, Y and Lancashire, RJ and Maher, JP and McIntyre, PS
   and Morse, R},
Title = {{JCAMP-DX for electron magnetic resonance(EMR)}},
Journal = {{Pure and Applied Chemistry}},
Year = {{2006}},
Volume = {{78}},
Number = {{3}},
Pages = {{613-631}},
Month = {{MAR}},
DOI = {{10.1351/pac200678030613}},
ISSN = {{0033-4545}}
}

@article{ Bumbach2001,
Author = {Baumbach, JI and Davies, AN and Lampen, P and Schmidt, H},
Title = {{JCAMP-DX. A Standard Format for the Exchange of Ion Mobility
   Spectrometry Data - (IUPAC recommendations 2001)}},
Journal = {{Pure and Applied Chemistry}},
Year = {{2001}},
Volume = {{73}},
Number = {{11}},
Pages = {{1765-1782}},
Month = {{NOV}},
DOI = {{10.1351/pac200173111765}},
ISSN = {{0033-4545}}
}

@article{ Lampen1999,
Author = {Lampen, P and Lambert, J and Lancashire, RJ and McDonald, RS and
   McIntyre, PS and Rutledge, DN and Frohlich, T and Davies, AN},
Title = {{An Extension to the JCAMP-DX Standard File Format, JCAMP-DX V.5.01
   (IUPAC Recommendations 1999)}},
Journal = {{Pure and Applied Chemistry}},
Year = {{1999}},
Volume = {{71}},
Number = {{8}},
Pages = {{1549-1556}},
Month = {{AUG}},
DOI = {{10.1351/pac199971081549}},
ISSN = {{0033-4545}}
}

@article{ Lampen1994,
Author = {Lampen, P and Hillig, H and Davies, AN and Linscheid, M},
Title = {{JCAMP-DX for Mass Spectrometry}},
Journal = {{Applied Spectroscopy}},
Year = {{1994}},
Volume = {{48}},
Number = {{12}},
Pages = {{1545-1552}},
Month = {{DEC}},
ISSN = {{0003-7028}}
}

@article{ Davies1993,
Author = {Davies, AN and Lampen, P},
Title = {{JCAMP-DX for NMR}},
Journal = {{Applied Spectroscopy}},
Year = {{1993}},
Volume = {{47}},
Number = {{8}},
Pages = {{1093-1099}},
Month = {{AUG}},
DOI = {{10.1366/0003702934067874}},
ISSN = {{0003-7028}}
}

@article{ Grasselli1991,
Author = {Grasselli, JG},
Title = {{JCAMP-DX, A Standard Format for Exchange of Infrared-Spectra in Computer Readible Form}},
Journal = {{Pure and Applied Chemistry}},
Year = {{1991}},
Volume = {{63}},
Number = {{12}},
Pages = {{1781-1792}},
Month = {{DEC}},
DOI = {{10.1351/pac199163121781}},
ISSN = {{0033-4545}}
}

@article{ McDonald1988,
Author = {McDonald, RS and Wilks, PA},
Title = {{JCAMP-DX, A Standard Format for Exchange of Infrared-Spectra in Computer Readible Form}},
Journal = {{Applied Spectroscopy}},
Year = {{1988}},
Volume = {{42}},
Number = {{1}},
Pages = {{151-162}},
Month = {{JAN}},
DOI = {{10.1366/0003702884428734}},
ISSN = {{0003-7028}}
}
